@misc{encyclopedie,
	author = {Pierre Auger},
	title = {Encyclopédie internationale des sciences et des techniques: 10 volumes plus un index},
	publisher = {Larousse},
	pages = {536-537},
	volume = {4},
	chapter = {Distorsion dans les circuits électroniques},
	year = {1969}
}

@misc{encyclopedia,
	author = {},
	title = {Encyclopaedia universalis},
	year = {1990},
	chapter = {Distorsion},
	pages = {1078}
}

@misc{cuccia,
	author = {C. Louis Cuccia},
	title = {Harmonics, sidebands, and transients in communication engineering: as studies by the Fourier and Laplace analysis},
	publisher = {McGraw-Hill},
	chapter = {Interpretation of distortion},
	pages = {360-365},
	year = {1952}
}

@misc{termans,
	author = {Frederick Emmons Terman},
	title = {Radio engineering},
	year = {1947},
	publisher = {McGraw-Hill},
	chapter = {Loudspeaker},
	pages = {226-230, 881-882}
}


@misc{hartmann,
	author = {William M. Hartmann},
	title = {Principles of Musical Acoustics},
	chapter = {Distortion and noise},
	publisher = {Springer},
	pages = {179-185},
	misc = {ISBN: 978-1-4614-6786-1},
	year = {2013}
}


@misc{brevet1,
	author = {Donald J. Lucas and Edwin W. Rowand Jr.},
	title = {Method and apparatus for harmonic distortion correction},
	misc = {US5377092},
	year = {1994}
}

@misc{brevet2,
	author = {Ronald G. Jawernycky and Michael Z. Lowenstein and Gerald L. Park and Myron Zucker},
	title = {Apparatus for measuring harmonic distortion in a conductor, and methods of constructing and utilizing same},
	misc =  {US4818947},
	year = {1989}
}

@misc{dico,
author = {Larousse},
title = {Le Lexis - le dictionnaire érudit de la langue française},
publisher = {Larousse},
year = {2014}
}


@misc{chargeslin,
author = {Universal Electric Corporation},
title = {Charges non-linéaires et harmoniques},
url = {\url{www.uecorp.com/busway/uploads/docs/fr/UE_NeutralRatings.pdf}},
date = {consulté le 11/03/2014}
}

@misc{correvon,
		author = {Marc Correvon},
		title = {Systèmes électroniques},
		chapter = {La réaction négative ou contre-réaction},
		school = {Institut d'Automatisation Industrielle},
		year = {},
}

@misc{sporken,
		author = {R Sporken and J.L. Longueville},
		title = {Physique des télétransmissions},
		chapter = {Contre-réaction et amplificateurs opérationnels},
		school = {Université de Namur},
		year = {2007},
		publisher = {}
}

@misc{dusausay,
		author = {S. Dusausay},
		title = {Effets de la contre réaction sur les amplificateurs},
		school = {Faculté des Sciences de Marrakech},
		year = {},
		publisher = {}
}

@misc{lynch,
		author = {Lynch and Truxal},
		title = {Principles of Electronic Instrumentration},
		year = {1962},
		publisher = {McGraw-Hill},
		pages = {648-679}
}

@misc{black,
		author = {H. S. Black},
		title = {Stabilized feedback amplifiers},
		year = {1934},
		publisher = {Bell Labs Technical Journal}
}

@misc{black,
		author = {H. S. Black},
		title = {Inventing the negative feedback amplifier},
		year = {1977},
		publisher = {IEEE},
		pages = {55-60}
}	

@misc{marcel,
		author = {Marcel J. Van der Houst and Wouter A Serdijn and André C. Linnenbank},
		pages = {16-20},
		year = {2013},
		publisher = {Springer},
		title = {EMI-Resilient Apmlifier Circuits}
}
@misc{physique,
		author = {Hugh D. Young and Roger A. Freedman},
		title = {Sears and Zemansky's University Physics with Modern Physics Technology Update},
		year = {2013},
		publisher = {Pearson Education},
		edition = {13th}
}
@misc{wiki-perm-magn,
		author = {Wikipédia},
		title = {Perméabilite magnétique},
		year = {2013},
		url = "http://fr.wikipedia.org/wiki/Perm%C3%A9abilit%C3%A9_magn%C3%A9tique",
		type = {Site web}
}
@misc{datasheetampli
  url = {www.ti.com/lit/ds/symlink/lm380.pdf},
  author = {Texas Instruments},
  type = {Site web}
}
